
@inproceedings{ex1,
  title={Sensing-based shape formation on modular multi-robot systems: a theoretical study},
  author={Yu, Chih-Han and Nagpal, Radhika},
  booktitle={Proceedings of the 7th international joint conference on Autonomous agents and multiagent systems-Volume 1},
  pages={71--78},
  year={2008},
  organization={International Foundation for Autonomous Agents and Multiagent Systems}
}
@article{rss2019,
  title={Efficient algorithms for optimal perimeter guarding},
  author={Feng, Si Wei and Han, Shuai D and Gao, Kai and Yu, Jingjin},
  journal={arXiv preprint arXiv:1905.04434},
  year={2019}
}
@article{ex2,
  title={Coordinating hundreds of cooperative, autonomous vehicles in warehouses},
  author={Wurman, Peter R and D'Andrea, Raffaello and Mountz, Mick},
  journal={AI magazine},
  volume={29},
  number={1},
  pages={9--9},
  year={2008}
}

@inproceedings{orca,
  title={Reciprocal velocity obstacles for real-time multi-agent navigation},
  author={Van den Berg, Jur and Lin, Ming and Manocha, Dinesh},
  booktitle={2008 IEEE International Conference on Robotics and Automation},
  pages={1928--1935},
  year={2008},
  organization={IEEE}
}

@article{bufferedvonori,
  title={Fast, on-line collision avoidance for dynamic vehicles using buffered voronoi cells},
  author={Zhou, Dingjiang and Wang, Zijian and Bandyopadhyay, Saptarshi and Schwager, Mac},
  journal={IEEE Robotics and Automation Letters},
  volume={2},
  number={2},
  pages={1047--1054},
  year={2017},
  publisher={IEEE}
}

@inproceedings{rrt,
  title={Decentralized path planning for multi-agent teams in complex environments using rapidly-exploring random trees},
  author={Desaraju, Vishnu R and How, Jonathan P},
  booktitle={2011 IEEE International Conference on Robotics and Automation},
  pages={4956--4961},
  year={2011},
  organization={IEEE}
}


@inproceedings{nanthan,
  title={Distributed multi-robot task assignment and formation control},
  author={Michael, Nathan and Zavlanos, Michael M and Kumar, Vijay and Pappas, George J},
  booktitle={2008 IEEE International Conference on Robotics and Automation},
  pages={128--133},
  year={2008},
  organization={IEEE}
}

@article{swarmbarrier,
  title={Safety barrier certificates for collisions-free multirobot systems},
  author={Wang, Li and Ames, Aaron D and Egerstedt, Magnus},
  journal={IEEE Transactions on Robotics},
  volume={33},
  number={3},
  pages={661--674},
  year={2017},
  publisher={IEEE}
}

@inproceedings{mike,
  title={Error cascades in collective behavior: a case study of the gradient algorithm on 1000 physical agents},
  author={Gauci, Melvin and Ortiz, Monica E and Rubenstein, Michael and Nagpal, Radhika},
  booktitle={Proceedings of the 16th Conference on Autonomous Agents and MultiAgent Systems},
  pages={1404--1412},
  year={2017},
  organization={International Foundation for Autonomous Agents and Multiagent Systems}
}


@incollection{mike2,
  title={Programmable self-disassembly for shape formation in large-scale robot collectives},
  author={Gauci, Melvin and Nagpal, Radhika and Rubenstein, Michael},
  booktitle={Distributed Autonomous Robotic Systems},
  pages={573--586},
  year={2018},
  publisher={Springer}
}

@book{graphtext,
  title={Graph theoretic methods in multiagent networks},
  author={Mesbahi, Mehran and Egerstedt, Magnus},
  volume={33},
  year={2010},
  publisher={Princeton University Press}
}

@inproceedings{kilobot,
  title={Kilobot: A low cost scalable robot system for collective behaviors},
  author={Rubenstein, Michael and Ahler, Christian and Nagpal, Radhika},
  booktitle={2012 IEEE International Conference on Robotics and Automation},
  pages={3293--3298},
  year={2012},
  organization={IEEE}
}

@inproceedings{swarmish,
  title={Speaking Swarmish: Human-Robot Interface Design for Large Swarms of Autonomous Mobile Robots.},
  author={McLurkin, James and Smith, Jennifer and Frankel, James and Sotkowitz, David and Blau, David and Schmidt, Brian},
  booktitle={AAAI spring symposium: to boldly go where no human-robot team has gone before},
  volume={72},
  year={2006}
}


@inproceedings{e2,
  title={Target assignment for robotic networks: Asymptotic performance under limited communication},
  author={Smith, Stephen L and Bullo, Francesco},
  booktitle={2007 American Control Conference},
  pages={1155--1160},
  year={2007},
  organization={IEEE}
}

@article{particle,
  title={Particle robotics based on statistical mechanics of loosely coupled components},
  author={Li, Shuguang and Batra, Richa and Brown, David and Chang, Hyun-Dong and Ranganathan, Nikhil and Hoberman, Chuck and Rus, Daniela and Lipson, Hod},
  journal={Nature},
  volume={567},
  number={7748},
  pages={361},
  year={2019},
  publisher={Nature Publishing Group}
}

@article{survey,
  title={A survey of multi-agent formation control},
  author={Oh, Kwang-Kyo and Park, Myoung-Chul and Ahn, Hyo-Sung},
  journal={Automatica},
  volume={53},
  pages={424--440},
  year={2015},
  publisher={Elsevier}
}


@article{huang,
  title={The Hungarian method for the assignment problem},
  author={Kuhn, Harold W},
  journal={Naval research logistics quarterly},
  volume={2},
  number={1-2},
  pages={83--97},
  year={1955},
  publisher={Wiley Online Library}
}

@article{am,
  title={Image and animation display with multiple mobile robots},
  author={Alonso-Mora, Javier and Breitenmoser, Andreas and Rufli, Martin and Siegwart, Roland and Beardsley, Paul},
  journal={The International Journal of Robotics Research},
  volume={31},
  number={6},
  pages={753--773},
  year={2012},
  publisher={SAGE Publications Sage UK: London, England}
}

@inproceedings{goalassign,
  title={Goal Assignment and Trajectory Planning for Large Teams of Aerial Robots.},
  author={Turpin, Matthew and Mohta, Kartik and Michael, Nathan and Kumar, Vijay},
  booktitle={Robotics: Science and Systems},
  year={2013}
}

@article{i1,
  title={A new algorithm for the assignment problem},
  author={Bertsekas, Dimitri P},
  journal={Mathematical Programming},
  volume={21},
  number={1},
  pages={152--171},
  year={1981},
  publisher={Springer}
}

@article{i2,
  title={A polynomial simplex method for the assignment problem},
  author={Hung, Ming S},
  journal={Operations Research},
  volume={31},
  number={3},
  pages={595--600},
  year={1983},
  publisher={INFORMS}
}


@article{e1,
  title={Role-assignment in multi-agent coordination},
  author={Ji, Meng and Azuma, Shun-ichi and Egerstedt, Magnus B},
  year={2006},
  publisher={Georgia Institute of Technology}
}

@article{2,
  title={Swarm assignment and trajectory optimization using variable-swarm, distributed auction assignment and sequential convex programming},
  author={Morgan, Daniel and Subramanian, Giri P and Chung, Soon-Jo and Hadaegh, Fred Y},
  journal={The International Journal of Robotics Research},
  volume={35},
  number={10},
  pages={1261--1285},
  year={2016},
  publisher={SAGE Publications Sage UK: London, England}
}


@article{a1,
  title={Parallel synchronous and asynchronous implementations of the auction algorithm},
  author={Bertsekas, Dimitri P and Casta{\~n}on, David A},
  journal={Parallel Computing},
  volume={17},
  number={6-7},
  pages={707--732},
  year={1991},
  publisher={Elsevier}
}


@article{a2,
  title={Efficient distributed algorithm of dynamic task assignment for swarm robotics},
  author={de Mendon{\c{c}}a, Rafael Mathias and Nedjah, Nadia and de Macedo Mourelle, Luiza},
  journal={Neurocomputing},
  volume={172},
  pages={345--355},
  year={2016},
  publisher={Elsevier}
}


@article{capt,
  title={Capt: Concurrent assignment and planning of trajectories for multiple robots},
  author={Turpin, Matthew and Michael, Nathan and Kumar, Vijay},
  journal={The International Journal of Robotics Research},
  volume={33},
  number={1},
  pages={98--112},
  year={2014},
  publisher={SAGE Publications Sage UK: London, England}
}


@inproceedings{centralized,
  title={Shortest path set induced vertex ordering and its application to distributed distance optimal formation path planning and control on graphs},
  author={Yu, Jingjin and LaValle, Steven M},
  booktitle={52nd IEEE Conference on Decision and Control},
  pages={2775--2780},
  year={2013},
  organization={IEEE}
}

@article{distance,
  title={Formation control using range-only measurements},
  author={Cao, Ming and Yu, Changbin and Anderson, Brian DO},
  journal={Automatica},
  volume={47},
  number={4},
  pages={776--781},
  year={2011},
  publisher={Elsevier}
}


@article{bearing,
  title={Bearing rigidity and almost global bearing-only formation stabilization},
  author={Zhao, Shiyu and Zelazo, Daniel},
  journal={IEEE Transactions on Automatic Control},
  volume={61},
  number={5},
  pages={1255--1268},
  year={2015},
  publisher={IEEE}
}

@article{displacement,
  title={Distributed formation stabilization using relative position measurements in local coordinates},
  author={Aranda, Miguel and L{\'o}pez-Nicol{\'a}s, Gonzalo and Sag{\"u}{\'e}s, Carlos and Zavlanos, Michael M},
  journal={IEEE Transactions on Automatic Control},
  volume={61},
  number={12},
  pages={3925--3935},
  year={2016},
  publisher={IEEE}
}

@incollection{d2,
  title={M*: A complete multirobot path planning algorithm with optimality bounds},
  author={Wagner, Glenn and Choset, Howie},
  booktitle={Redundancy in Robot Manipulators and Multi-Robot Systems},
  pages={167--181},
  year={2013},
  publisher={Springer}
}

@inproceedings{d1,
  title={Distance optimal formation control on graphs with a tight convergence time guarantee},
  author={Yu, Jingjin and LaValle, M},
  booktitle={2012 IEEE 51st IEEE Conference on Decision and Control (CDC)},
  pages={4023--4028},
  year={2012},
  organization={IEEE}
}

@inproceedings{d3,
  title={A discrete grid abstraction for formation control in the presence of obstacles},
  author={Miklic, Damjan and Bogdan, Stjepan and Nestic, Sanjin and Fierro, Rafael},
  booktitle={2009 IEEE/RSJ International Conference on Intelligent Robots and Systems},
  pages={3750--3755},
  year={2009},
  organization={IEEE}
}

@inproceedings{timeopt,
  title={Constant Factor Time Optimal Multi-Robot Routing on High-Dimensional Grids.},
  author={Yu, Jingjin},
  booktitle={Robotics: Science and Systems},
  year={2018}
}

@inproceedings{c1,
  title={Generation of collision-free trajectories for a quadrocopter fleet: A sequential convex programming approach},
  author={Augugliaro, Federico and Schoellig, Angela P and D'Andrea, Raffaello},
  booktitle={2012 IEEE/RSJ international conference on Intelligent Robots and Systems},
  pages={1917--1922},
  year={2012},
  organization={IEEE}
}

@incollection{c2,
  title={A complete algorithm for generating safe trajectories for multi-robot teams},
  author={Tang, Sarah and Kumar, Vijay},
  booktitle={Robotics Research},
  pages={599--616},
  year={2018},
  publisher={Springer}
}

@inproceedings{c3,
  title={Mixed integer quadratic program trajectory generation for a quadrotor with a cable-suspended payload},
  author={Tang, Sarah and Kumar, Vijay},
  booktitle={2015 IEEE International Conference on Robotics and Automation (ICRA)},
  pages={2216--2222},
  year={2015},
  organization={IEEE}
}

@article{global,
  title={Distributed intermittent connectivity control of mobile robot networks},
  author={Kantaros, Yiannis and Zavlanos, Michael M},
  journal={IEEE Transactions on Automatic Control},
  volume={62},
  number={7},
  pages={3109--3121},
  year={2016},
  publisher={IEEE}
}

@inproceedings{p1,
  title={Controlling swarms of robots using interpolated implicit functions},
  author={Chaimowicz, Luiz and Michael, Nathan and Kumar, Vijay},
  booktitle={Proceedings of the 2005 IEEE International Conference on Robotics and Automation},
  pages={2487--2492},
  year={2005},
  organization={IEEE}
}

@article{p2,
  title={Control of distributed autonomous robotic systems using principles of pattern formation in nature and pedestrian behavior},
  author={Moln{\'a}r, P{\'e}ter and Starke, Jens},
  journal={IEEE Transactions on Systems, Man, and Cybernetics, Part B (Cybernetics)},
  volume={31},
  number={3},
  pages={433--435},
  year={2001},
  publisher={IEEE}
}

@article{p3,
  title={Potential fields for maintaining connectivity of mobile networks},
  author={Zavlanos, Michael M and Pappas, George J},
  journal={IEEE Transactions on robotics},
  volume={23},
  number={4},
  pages={812--816},
  year={2007},
  publisher={IEEE}
}

@article{pri,
  title={Rapidly-exploring random trees: Progress and prospects},
  author={LaValle, Steven M and Kuffner Jr, James J},
  year={2000},
  publisher={Citeseer}
}



@inproceedings{dis1,
  title={Further results on the stability of distance-based multi-robot formations},
  author={Dimarogonas, Dimos V and Johansson, Karl H},
  booktitle={2009 American Control Conference},
  pages={2972--2977},
  year={2009},
  organization={IEEE}
}

@article{dis2,
  title={Graph rigidity and distributed formation stabilization of multi-vehicle systems},
  author={Olfati-Saber, Reza and Murray, Richard M},
  year={2002},
  publisher={IEEE}
}

@article{dis3,
  title={Formation control of mobile agents based on inter-agent distance dynamics},
  author={Oh, Kwang-Kyo and Ahn, Hyo-Sung},
  journal={Automatica},
  volume={47},
  number={10},
  pages={2306--2312},
  year={2011},
  publisher={Elsevier}
}

@phdthesis{pos1,
  title={Multi-robot assignment and formation control},
  author={Macdonald, Edward A},
  year={2011},
  school={Georgia Institute of Technology}
}


@inproceedings{pos2,
  title={Graph based distributed control of non-holonomic vehicles endowed with local positioning information engaged in escorting missions},
  author={Falconi, Riccardo and Gowal, Sven and Martinoli, Alcherio},
  booktitle={2010 IEEE International Conference on Robotics and Automation},
  pages={3207--3214},
  year={2010},
  organization={IEEE}
}

@article{pos3,
  title={Implementation of Leader-Follower Formation Control of a Team of Nonholonomic Mobile Robots},
  author={Widyotriatmo, Augie and Joelianto, Endra and Prasdianto, Agung and Bahtiar, Hafidz and Nazaruddin, Yul Yunazwin},
  journal={International Journal of Computers Communications \& Control},
  volume={12},
  number={6},
  pages={871--885},
  year={2017}
}

@article{dis4,
  title={Adaptive control schemes for mobile robot formations with triangularised structures},
  author={Guo, J and Lin, Z and Cao, M and Yan, G},
  journal={IET control theory \& applications},
  volume={4},
  number={9},
  pages={1817--1827},
  year={2010},
  publisher={IET}
}

@article{pos5,
  title={Distributed formation control of multi-agent systems using complex Laplacian},
  author={Lin, Zhiyun and Wang, Lili and Han, Zhimin and Fu, Minyue},
  journal={IEEE Transactions on Automatic Control},
  volume={59},
  number={7},
  pages={1765--1777},
  year={2014},
  publisher={IEEE}
}


@inproceedings{rhc,
  title={Real-time optimization of trajectories that guarantee the rendezvous of mobile robots},
  author={Gowal, Sven and Martinoli, Alcherio},
  booktitle={2012 IEEE/RSJ International Conference on Intelligent Robots and Systems},
  pages={3518--3525},
  year={2012},
  organization={IEEE}
}

@inproceedings{peter,
  title={SCRAM: Scalable collision-avoiding role assignment with minimal-makespan for formational positioning},
  author={MacAlpine, Patrick and Price, Eric and Stone, Peter},
  booktitle={Twenty-Ninth AAAI Conference on Artificial Intelligence},
  year={2015}
}


@article{alonso2018cooperative,
  title={Cooperative collision avoidance for nonholonomic robots},
  author={Alonso-Mora, Javier and Beardsley, Paul and Siegwart, Roland},
  journal={IEEE Transactions on Robotics},
  volume={34},
  number={2},
  pages={404--420},
  year={2018},
  publisher={IEEE}
}


@incollection{van2011reciprocal,
  title={Reciprocal n-body collision avoidance},
  author={Van Den Berg, Jur and Guy, Stephen J and Lin, Ming and Manocha, Dinesh},
  booktitle={Robotics research},
  pages={3--19},
  year={2011},
  publisher={Springer}
}



